@inproceedings{Bjrner2015ZA,
    title={$\nu$Z - An Optimizing SMT Solver},
    author={Nikolaj S. Bj{\o}rner and Anh-Dung Phan and Lars Fleckenstein},
    booktitle={International Conference on Tools and Algorithms for Construction and Analysis of Systems},
    year={2015},
    url={https://api.semanticscholar.org/CorpusID:17542710}
}

@inproceedings{9049860,
    author={Kovásznai, Gergely and Gajdár, Krisztián and Kovács, Laura},
    booktitle={2019 21st International Symposium on Symbolic and Numeric Algorithms for Scientific Computing (SYNASC)},
    title={Portfolio SAT and SMT Solving of Cardinality Constraints in Sensor Network Optimization},
    year={2019},
    volume={},
    number={},
    pages={85-91},
    keywords={SAT;SMT;OMT;WSN;sensor network;optimization;portfolio;cardinality constraint},
    doi={10.1109/SYNASC49474.2019.00021}
}

@inproceedings{5010416,
    author={Sülflow, Andre and Wille, Robert and Fey, Görschwin and Drechsler, Rolf},
    booktitle={2009 39th International Symposium on Multiple-Valued Logic},
    title={Evaluation of Cardinality Constraints on SMT-Based Debugging},
    year={2009},
    volume={},
    number={},
    pages={298-303},
    keywords={Debugging;Encoding;Surface-mount technology;Hardware;Arithmetic;Constraint theory;Formal verification;Adders;Runtime;Circuits;Satisfiable Modulo Theory (SMT);cardinality constraint;debugging},
    doi={10.1109/ISMVL.2009.28}
}
